% ------------------------------------------------------------------------
% BIBLIOGRAPHY FILE
% ------------------------------------------------------------------------

@ARTICLE{lrp,
   author = {Long Range Plan 2010 Panel},
    title = "{Unveiling the Cosmos: A Vision for Canadian Astronomy}",
     year = 2011,
}

%%% need to check/fix this reference!!!
@ARTICLE{Jauregui2017,
   author = {{J{\'a}uregui--Garc{\'{\i}}a}, J.~M. and {Peterson}, J.~B. and
   {Castillo--Dom{\'i}nguez}, E. and {Voytek}, T.~C.},
    title = "{HIBiscus, a broadband antenna with matching impedance and uniform radiation pattern}",
  journal = {IEEE},
     year = 2017,
   volume = {AP-S},
}

@ARTICLE{Voytek2014,
   author = {{Voytek}, T.~C. and {Natarajan}, A. and {J{\'a}uregui Garc{\'{\i}}a}, J.~M. and 
	{Peterson}, J.~B. and {L{\'o}pez-Cruz}, O.},
    title = "{Probing the Dark Ages at z \~{} 20: The SCI-HI 21 cm All-sky Spectrum Experiment}",
  journal = {\apjl},
archivePrefix = "arXiv",
   eprint = {1311.0014},
 keywords = {cosmology: observations, dark ages, reionization, first stars, methods: observational, radio continuum: general},
     year = 2014,
    month = feb,
   volume = 782,
      eid = {L9},
    pages = {L9},
      doi = {10.1088/2041-8205/782/1/L9},
   adsurl = {http://adsabs.harvard.edu/abs/2014ApJ...782L...9V},
  adsnote = {Provided by the SAO/NASA Astrophysics Data System}
}

@ARTICLE{Hickish2016,
   author = {{Hickish}, J. and {Abdurashidova}, Z. and {Ali}, Z. and {Buch}, K.~D. and 
	{Chaudhari}, S.~C. and {Chen}, H. and {Dexter}, M. and {Domagalski}, R.~S. and others},
    title = "{A Decade of Developing Radio-Astronomy Instrumentation using CASPER Open-Source Technology}",
  journal = {Journal of Astronomical Instrumentation },
archivePrefix = "arXiv",
   eprint = {1611.01826},
 primaryClass = "astro-ph.IM",
 keywords = {CASPER, digital signal processing, radio-astronomy, instrumentation},
     year = 2016,
    month = mar,
   volume = 5,
      eid = {1641001-12},
    pages = {1641001-12},
      doi = {10.1142/S2251171716410014},
   adsurl = {http://adsabs.harvard.edu/abs/2016JAI.....541001H},
  adsnote = {Provided by the SAO/NASA Astrophysics Data System}
}

@ARTICLE{Dicke1965,
   author = {{Dicke}, R.~H. and {Peebles}, P.~J.~E. and {Roll}, P.~G. and 
	{Wilkinson}, D.~T.},
    title = "{Cosmic Black-Body Radiation.}",
  journal = {\apj},
 keywords = {Big Bang},
     year = 1965,
    month = jul,
   volume = 142,
    pages = {414-419},
      doi = {10.1086/148306},
   adsurl = {http://adsabs.harvard.edu/abs/1965ApJ...142..414D},
  adsnote = {Provided by the SAO/NASA Astrophysics Data System}
}

@ARTICLE{Penzias1965,
   author = {{Penzias}, A.~A. and {Wilson}, R.~W.},
    title = "{A Measurement of Excess Antenna Temperature at 4080 Mc/s.}",
  journal = {\apj},
 keywords = {Microwave Background, Cosmic Background Radiation},
     year = 1965,
    month = jul,
   volume = 142,
    pages = {419-421},
      doi = {10.1086/148307},
   adsurl = {http://adsabs.harvard.edu/abs/1965ApJ...142..419P},
  adsnote = {Provided by the SAO/NASA Astrophysics Data System}
}

@ARTICLE{Komatsu2011,
   author = {{Komatsu}, E. and {Smith}, K.~M. and {Dunkley}, J. and {Bennett}, C.~L. and 
	{Gold}, B. and {Hinshaw}, G. and {Jarosik}, N. and {Larson}, D. and 
	others},
    title = "{Seven-year Wilkinson Microwave Anisotropy Probe (WMAP) Observations: Cosmological Interpretation}",
  journal = {\apjs},
archivePrefix = "arXiv",
   eprint = {1001.4538},
 primaryClass = "astro-ph.CO",
 keywords = {cosmic background radiation, cosmology: observations, dark matter, early universe, space vehicles},
     year = 2011,
    month = feb,
   volume = 192,
      eid = {18},
    pages = {18},
      doi = {10.1088/0067-0049/192/2/18},
   adsurl = {http://adsabs.harvard.edu/abs/2011ApJS..192...18K},
  adsnote = {Provided by the SAO/NASA Astrophysics Data System}
}

@ARTICLE{PlanckCollaboration2016,
   author = {{Planck Collaboration} and {Ade}, P.~A.~R. and {Aghanim}, N. and 
	{Arnaud}, M. and {Ashdown}, M. and {Aumont}, J. and {Baccigalupi}, C. and 
	{Banday}, A.~J. and {Barreiro}, R.~B. and {Bartlett}, J.~G. and et al.},
    title = "{Planck 2015 results. XIII. Cosmological parameters}",
  journal = {\aap},
archivePrefix = "arXiv",
   eprint = {1502.01589},
 keywords = {cosmology: observations, cosmology: theory, cosmic background radiation, cosmological parameters},
     year = 2016,
    month = sep,
   volume = 594,
      eid = {A13},
    pages = {A13},
      doi = {10.1051/0004-6361/201525830},
   adsurl = {http://adsabs.harvard.edu/abs/2016A%26A...594A..13P},
  adsnote = {Provided by the SAO/NASA Astrophysics Data System}
}

@ARTICLE{PlanckSpectra2015,
   author = {{Planck Collaboration}},
    title = "{Planck 2015 results. XI. CMB power spectra, likelihoods, and robustness of parameters}",
  journal = {\aap},
archivePrefix = "arXiv",
   eprint = {1507.02704},
 keywords = {cosmic background radiation, cosmological parameters, cosmology: observations, methods: data analysis, methods: statistical},
     year = 2016,
    month = sep,
   volume = 594,
      eid = {A11},
    pages = {A11},
      doi = {10.1051/0004-6361/201526926},
   adsurl = {http://adsabs.harvard.edu/abs/2016A%26A...594A..11P},
  adsnote = {Provided by the SAO/NASA Astrophysics Data System}
}

@ARTICLE{Furlanetto2006,
   author = {{Furlanetto}, S.~R. and {Oh}, S.~P. and {Briggs}, F.~H.},
    title = "{Cosmology at low frequencies: The 21 cm transition and the high-redshift Universe}",
  journal = {\physrep},
   eprint = {astro-ph/0608032},
     year = 2006,
    month = oct,
   volume = 433,
    pages = {181-301},
      doi = {10.1016/j.physrep.2006.08.002},
   adsurl = {http://adsabs.harvard.edu/abs/2006PhR...433..181F},
  adsnote = {Provided by the SAO/NASA Astrophysics Data System}
}

@ARTICLE{Pritchard2012,
   author = {{Pritchard}, J.~R. and {Loeb}, A.},
    title = "{21 cm cosmology in the 21st century}",
  journal = {Reports on Progress in Physics},
archivePrefix = "arXiv",
   eprint = {1109.6012},
     year = 2012,
    month = aug,
   volume = 75,
   number = 8,
      eid = {086901},
    pages = {086901},
      doi = {10.1088/0034-4885/75/8/086901},
   adsurl = {http://adsabs.harvard.edu/abs/2012RPPh...75h6901P},
  adsnote = {Provided by the SAO/NASA Astrophysics Data System}
}

@ARTICLE{Wouthuysen1952,
      author         = "{Wouthuysen}, S.~A.",
      title          = "{On the excitation mechanism of the 21-cm (radio-frequency) interstellar hydrogen emission line.}",
      journal        = "Astronomical Journal",
      year           = "1952",
      volume         = "57",
      pages          = "31-32",
      doi            = {10.1086/106661},
      adsurl         = {http://adsabs.harvard.edu/abs/1952AJ.....57R..31W},
      adsnote        = {Provided by the SAO/NASA Astrophysics Data System}
}

@ARTICLE{Field1959,
   author = {{Field}, G.~B.},
    title = "{The Spin Temperature of Intergalactic Neutral Hydrogen.}",
  journal = {\apj},
     year = 1959,
    month = may,
   volume = 129,
    pages = {536},
      doi = {10.1086/146653},
   adsurl = {http://adsabs.harvard.edu/abs/1959ApJ...129..536F},
  adsnote = {Provided by the SAO/NASA Astrophysics Data System}
}

@ARTICLE{Bromm2011,
   author = {{Bromm}, V. and {Yoshida}, N.},
    title = "{The First Galaxies}",
  journal = {\araa},
archivePrefix = "arXiv",
   eprint = {1102.4638},
     year = 2011,
    month = sep,
   volume = 49,
    pages = {373-407},
      doi = {10.1146/annurev-astro-081710-102608},
   adsurl = {http://adsabs.harvard.edu/abs/2011ARA%26A..49..373B},
  adsnote = {Provided by the SAO/NASA Astrophysics Data System}
}

@ARTICLE{Greif2015,
   author = {{Greif}, T.~H.},
    title = "{The numerical frontier of the high-redshift Universe}",
  journal = {Computational Astrophysics and Cosmology},
archivePrefix = "arXiv",
   eprint = {1410.3482},
     year = 2015,
    month = mar,
   volume = 2,
      eid = {3},
    pages = {3},
      doi = {10.1186/s40668-014-0006-2},
   adsurl = {http://adsabs.harvard.edu/abs/2015ComAC...2....3G},
  adsnote = {Provided by the SAO/NASA Astrophysics Data System}
}

@ARTICLE{Hirano2017,
   author = {{Hirano}, S. and {Bromm}, V.},
    title = "{Formation and survival of Population III stellar systems}",
  journal = {\mnras},
archivePrefix = "arXiv",
   eprint = {1612.06387},
 keywords = {methods: numerical, stars: formation, stars: Population III, dark ages, reionization, first stars, early Universe},
     year = 2017,
    month = sep,
   volume = 470,
    pages = {898-914},
      doi = {10.1093/mnras/stx1220},
   adsurl = {http://adsabs.harvard.edu/abs/2017MNRAS.470..898H},
  adsnote = {Provided by the SAO/NASA Astrophysics Data System}
}

@ARTICLE{Madau1997,
	author = {{Madau}, P. and {Meiksin}, A. and {Rees}, M.~J.},
	title = "{21 Centimeter Tomography of the Intergalactic Medium at High Redshift}",
	journal = {\apj},
	eprint = {astro-ph/9608010},
	keywords = {Cosmology: Theory, Cosmology: Diffuse Radiation, Galaxies: Intergalactic Medium, Galaxies: Quasars: General, Radio Lines: General},
	year = 1997,
	month = feb,
	volume = 475,
	pages = {429-444},
	doi = {10.1086/303549},
	adsurl = {http://adsabs.harvard.edu/abs/1997ApJ...475..429M},
	adsnote = {Provided by the SAO/NASA Astrophysics Data System}
}

@ARTICLE{Fan2006,
	author = {{Fan}, X. and {Carilli}, C.~L. and {Keating}, B.},
	title = "{Observational Constraints on Cosmic Reionization}",
	journal = {\araa},
	eprint = {astro-ph/0602375},
	year = 2006,
	month = sep,
	volume = 44,
	pages = {415-462},
	doi = {10.1146/annurev.astro.44.051905.092514},
	adsurl = {http://adsabs.harvard.edu/abs/2006ARA%26A..44..415F},
	adsnote = {Provided by the SAO/NASA Astrophysics Data System}
}

@ARTICLE{Pritchard2008,
	author = {{Pritchard}, J.~R. and {Loeb}, A.},
	title = "{Evolution of the 21cm signal throughout cosmic history}",
	journal = {\prd},
	archivePrefix = "arXiv",
	eprint = {0802.2102},
	keywords = {Cosmology, Dark matter, Characteristics and properties of external galaxies and extragalactic objects},
	year = 2008,
	month = nov,
	volume = 78,
	number = 10,
	eid = {103511},
	pages = {103511},
	doi = {10.1103/PhysRevD.78.103511},
	adsurl = {http://adsabs.harvard.edu/abs/2008PhRvD..78j3511P},
	adsnote = {Provided by the SAO/NASA Astrophysics Data System}
}

@ARTICLE{Mesinger2015,
      author         = "{Mesinger}, A. and {Ferrara}, A. and {Greig}, B. and {Iliev}, I. and {Mellema}, G. and {Pritchard}, J. and {Santos}, M.",
      title          = "{Constraining the Astrophysics of the Cosmic Dawn and the Epoch of Reionization with the SKA}",
      journal        = {Advancing Astrophysics with the Square Kilometre Array (AASKA14)},
      archivePrefix  = "arXiv",
      eprint         = {1501.04106},
      year           = 2015,
      eid            = {11},
      pages          = {11},
      adsurl         = {http://adsabs.harvard.edu/abs/2015aska.confE..11M},
      adsnote        = {Provided by the SAO/NASA Astrophysics Data System}
}

@ARTICLE{Bowman2013,
	author = {{Bowman}, J.~D. and {Cairns}, I. and {Kaplan}, D.~L. and {Murphy}, T. and 
	{Oberoi}, D. and {Staveley-Smith}, L. and {Arcus}, W. and {Barnes}, D.~G. and 
	others},
	title = "{Science with the Murchison Widefield Array}",
	journal = {\pasa},
	archivePrefix = "arXiv",
	eprint = {1212.5151},
	primaryClass = "astro-ph.IM",
	keywords = {dark ages, reionisation, first stars, instrumentation: interferometers, radio continuum: general, radio lines: general, Sun: general},
	year = 2013,
	month = apr,
	volume = 30,
	eid = {e031},
	pages = {e031},
	doi = {10.1017/pas.2013.009},
	adsurl = {http://adsabs.harvard.edu/abs/2013PASA...30...31B},
	adsnote = {Provided by the SAO/NASA Astrophysics Data System}
}

@ARTICLE{Tingay2013,
	author = {{Tingay}, S.~J. and {Goeke}, R. and {Bowman}, J.~D. and {Emrich}, D. and 
	{Ord}, S.~M. and {Mitchell}, D.~A. and {Morales}, M.~F. and 
	{Booler}, T. and others},
	title = "{The Murchison Widefield Array: The Square Kilometre Array Precursor at Low Radio Frequencies}",
	journal = {\pasa},
	archivePrefix = "arXiv",
	eprint = {1206.6945},
	primaryClass = "astro-ph.IM",
	keywords = {instrumentation: interferometers, techniques: image processing, techniques: interferometric, radio continuum: general, radio lines: general, early Universe},
	year = 2013,
	month = jan,
	volume = 30,
	eid = {e007},
	pages = {e007},
	doi = {10.1017/pasa.2012.007},
	adsurl = {http://adsabs.harvard.edu/abs/2013PASA...30....7T},
	adsnote = {Provided by the SAO/NASA Astrophysics Data System}
}

@ARTICLE{DeBoer2017,
	author = {{DeBoer}, D.~R. and {Parsons}, A.~R. and {Aguirre}, J.~E. and 
	{Alexander}, P. and {Ali}, Z.~S. and {Beardsley}, A.~P. and 
	{Bernardi}, G. and {Bowman}, J.~D. and others},
	title = "{Hydrogen Epoch of Reionization Array (HERA)}",
	journal = {\pasp},
	archivePrefix = "arXiv",
	eprint = {1606.07473},
	primaryClass = "astro-ph.IM",
	year = 2017,
	month = apr,
	volume = 129,
	number = 4,
	pages = {045001},
	doi = {10.1088/1538-3873/129/974/045001},
	adsurl = {http://adsabs.harvard.edu/abs/2017PASP..129d5001D},
	adsnote = {Provided by the SAO/NASA Astrophysics Data System}
}

@ARTICLE{Ali2015,
	author = {{Ali}, Z.~S. and {Parsons}, A.~R. and {Zheng}, H. and {Pober}, J.~C. and 
	{Liu}, A. and {Aguirre}, J.~E. and {Bradley}, R.~F. and {Bernardi}, G. and others},
	title = "{PAPER-64 Constraints on Reionization: The 21 cm Power Spectrum at z = 8.4}",
	journal = {\apj},
	archivePrefix = "arXiv",
	eprint = {1502.06016},
	keywords = {cosmology: observations, dark ages, reionization, first stars, early universe, instrumentation: interferometers, intergalactic medium},
	year = 2015,
	month = aug,
	volume = 809,
	eid = {61},
	pages = {61},
	doi = {10.1088/0004-637X/809/1/61},
	adsurl = {http://adsabs.harvard.edu/abs/2015ApJ...809...61A},
	adsnote = {Provided by the SAO/NASA Astrophysics Data System}
}

@ARTICLE{Parsons2014,
	author = {{Parsons}, A.~R. and {Liu}, A. and {Aguirre}, J.~E. and {Ali}, Z.~S. and 
	{Bradley}, R.~F. and {Carilli}, C.~L. and {DeBoer}, D.~R. and 
	{Dexter}, M.~R. and others},
	title = "{New Limits on 21 cm Epoch of Reionization from PAPER-32 Consistent with an X-Ray Heated Intergalactic Medium at z = 7.7}",
	journal = {\apj},
	archivePrefix = "arXiv",
	eprint = {1304.4991},
	keywords = {cosmology: observations, dark ages, reionization, first stars, early universe, instrumentation: interferometers, intergalactic medium, radio continuum: general},
	year = 2014,
	month = jun,
	volume = 788,
	eid = {106},
	pages = {106},
	doi = {10.1088/0004-637X/788/2/106},
	adsurl = {http://adsabs.harvard.edu/abs/2014ApJ...788..106P},
	adsnote = {Provided by the SAO/NASA Astrophysics Data System}
}

@Article{vanHaarlem2013,
	author         = "{van Haarlem}, M.~P. and {Wise}, M.~W. and {Gunst}, A.~W. and {Heald}, G. and {McKean}, J.~P. and {Hessels}, J.~W.~T. and {de Bruyn}, A.~G. and {Nijboer}, R. and others",
	title          = "{LOFAR: The LOw-Frequency ARray}",
	journal        = "A\&A",
	archivePrefix  = "arXiv",
	eprint         = "1305.3550",
	year           = "2013",
	month          = "Aug",
	volume         = "556",
	pages          = "A2",
}

@ARTICLE{Heald2015,
	author       = "{Heald}, G.~H. and {Pizzo}, R.~F. and {Orr{\'u}}, E. and {Breton}, R.~P. and {Carbone}, D. and {Ferrari}, C. and {Hardcastle}, M.~J. and {Jurusik}, W. and others",
	title        = "{The LOFAR Multifrequency Snapshot Sky Survey (MSSS). I. Survey description and first results}",
	journal      = "AAP",
	archivePrefix= "arXiv",
	eprint       = {1509.01257},
	primaryClass = "astro-ph.IM",
	keywords     = {surveys, radio continuum: general},
	year         = 2015,
	month        = oct,
	volume       = 582,
	eid          = {A123},
	pages        = {A123},
	doi          = {10.1051/0004-6361/201425210},
	adsurl       = {http://adsabs.harvard.edu/abs/2015A%26A...582A.123H},
	adsnote      = {Provided by the SAO/NASA Astrophysics Data System}
}

@ARTICLE{Koopmans2015,
	author         = "{Koopmans}, L. and {Pritchard}, J. and {Mellema}, G. and {Aguirre}, J. and 
	{Ahn}, K. and {Barkana}, R. and {van Bemmel}, I. and {Bernardi}, G. and 
	others",
	title         = "The Cosmic Dawn and Epoch of Reionisation with SKA",
	journal       = {Advancing Astrophysics with the Square Kilometre Array (AASKA14)},
	archivePrefix = "arXiv",
	eprint        = "1505.07568",
	year          = "2015",
	eid           = "1",
	pages         = "1",
	adsurl        = {http://adsabs.harvard.edu/abs/2015aska.confE...1K},
	adsnote       = {Provided by the SAO/NASA Astrophysics Data System}
}

@ARTICLE{Mellema2015,
	author         = "{Mellema}, G. and {Koopmans}, L. and {Shukla}, H. and {Datta}, K.~K. and {Mesinger}, A. and {Majumdar}, S.",
	title          = "{HI tomographic imaging of the Cosmic Dawn and Epoch of Reionization with SKA}",
	journal        = {Advancing Astrophysics with the Square Kilometre Array (AASKA14)},
	archivePrefix  = "arXiv",
	eprint         = {1501.04203},
	year           = 2015,
	eid            = {10},
	pages          = {10},
	adsurl         = {http://adsabs.harvard.edu/abs/2015aska.confE..10M},
	adsnote        = {Provided by the SAO/NASA Astrophysics Data System}
}

@ARTICLE{Price2017,
	author = {{Price}, D.~C. and {Greenhill}, L.~J. and {Fialkov}, A. and 
	{Bernardi}, G. and {Garsden}, H. and {Barsdell}, B.~R. and {Kocz}, J. and 
	{Anderson}, M.~M. and others},
	title = "{Design and characterization of the Large-Aperture Experiment to Detect the Dark Age (LEDA) radiometer systems}",
	journal = {ArXiv e-prints},
	archivePrefix = "arXiv",
	eprint = {1709.09313},
	primaryClass = "astro-ph.IM",
	keywords = {Astrophysics - Instrumentation and Methods for Astrophysics},
	year = 2017,
	month = sep,
	adsurl = {http://adsabs.harvard.edu/abs/2017arXiv170909313P},
	adsnote = {Provided by the SAO/NASA Astrophysics Data System}
}

@ARTICLE{Bernardi2015,
	author = {{Bernardi}, G. and {McQuinn}, M. and {Greenhill}, L.~J.},
	title = "{Foreground Model and Antenna Calibration Errors in the Measurement of the Sky-averaged {$\lambda$}21 cm Signal at z\~{} 20}",
	journal = {\apj},
	archivePrefix = "arXiv",
	eprint = {1404.0887},
	keywords = {cosmology: observations, dark ages, reionization, first stars, early universe, intergalactic medium, methods: observational, techniques: interferometric },
	year = 2015,
	month = jan,
	volume = 799,
	eid = {90},
	pages = {90},
	doi = {10.1088/0004-637X/799/1/90},
	adsurl = {http://adsabs.harvard.edu/abs/2015ApJ...799...90B},
	adsnote = {Provided by the SAO/NASA Astrophysics Data System}
}

@ARTICLE{Monsalve2017,
	author = {{Monsalve}, R.~A. and {Rogers}, A.~E.~E. and {Bowman}, J.~D. and 
	{Mozdzen}, T.~J.},
	title = "{Results from EDGES High-band. I. Constraints on Phenomenological Models for the Global 21 cm Signal}",
	journal = {\apj},
	archivePrefix = "arXiv",
	eprint = {1708.05817},
	keywords = {cosmology: observations, early universe, methods: data analysis },
	year = 2017,
	month = sep,
	volume = 847,
	eid = {64},
	pages = {64},
	doi = {10.3847/1538-4357/aa88d1},
	adsurl = {http://adsabs.harvard.edu/abs/2017ApJ...847...64M},
	adsnote = {Provided by the SAO/NASA Astrophysics Data System}
}

@ARTICLE{Mozden2017,
	author = {{Mozdzen}, T.~J. and {Bowman}, J.~D. and {Monsalve}, R.~A. and 
	{Rogers}, A.~E.~E.},
	title = "{Improved measurement of the spectral index of the diffuse radio background between 90 and 190 MHz}",
	journal = {\mnras},
	archivePrefix = "arXiv",
	eprint = {1609.08705},
	primaryClass = "astro-ph.IM",
	keywords = {instrumentation: miscellaneous, Galaxy: structure, dark ages, reionization, first stars},
	year = 2017,
	month = feb,
	volume = 464,
	pages = {4995-5002},
	doi = {10.1093/mnras/stw2696},
	adsurl = {http://adsabs.harvard.edu/abs/2017MNRAS.464.4995M},
	adsnote = {Provided by the SAO/NASA Astrophysics Data System}
}

@ARTICLE{Burns2017,
	author = {{Burns}, J.~O. and {Bradley}, R. and {Tauscher}, K. and {Furlanetto}, S. and 
	{Mirocha}, J. and {Monsalve}, R. and {Rapetti}, D. and {Purcell}, W. and 
	others},
	title = "{A Space-based Observational Strategy for Characterizing the First Stars and Galaxies Using the Redshifted 21 cm Global Spectrum}",
	journal = {\apj},
	archivePrefix = "arXiv",
	eprint = {1704.02651},
	primaryClass = "astro-ph.IM",
	keywords = {cosmology: observations, dark ages, reionization, first stars},
	year = 2017,
	month = jul,
	volume = 844,
	eid = {33},
	pages = {33},
	doi = {10.3847/1538-4357/aa77f4},
	adsurl = {http://adsabs.harvard.edu/abs/2017ApJ...844...33B},
	adsnote = {Provided by the SAO/NASA Astrophysics Data System}
}

@ARTICLE{Burns2012,
	author = {{Burns}, J.~O. and {Lazio}, J. and {Bale}, S. and {Bowman}, J. and 
	{Bradley}, R. and {Carilli}, C. and {Furlanetto}, S. and {Harker}, G. and 
	others},
	title = "{Probing the first stars and black holes in the early Universe with the Dark Ages Radio Explorer (DARE)}",
	journal = {Advances in Space Research},
	archivePrefix = "arXiv",
	eprint = {1106.5194},
	year = 2012,
	month = feb,
	volume = 49,
	pages = {433-450},
	doi = {10.1016/j.asr.2011.10.014},
	adsurl = {http://adsabs.harvard.edu/abs/2012AdSpR..49..433B},
	adsnote = {Provided by the SAO/NASA Astrophysics Data System}
}

@ARTICLE{Patra2013,
	author = {{Patra}, N. and {Subrahmanyan}, R. and {Raghunathan}, A. and 
	{Udaya Shankar}, N.},
	title = "{SARAS: a precision system for measurement of the cosmic radio background and signatures from the epoch of reionization}",
	journal = {Experimental Astronomy},
	archivePrefix = "arXiv",
	eprint = {1211.3800},
	primaryClass = "astro-ph.IM",
	keywords = {Astronomical instrumentation, Methods and techniques, Methods: observational, Cosmic background radiation, Cosmology: observations, Dark ages, Reionization, First stars, Radio continuum: ISM},
	year = 2013,
	month = aug,
	volume = 36,
	pages = {319-370},
	doi = {10.1007/s10686-013-9336-3},
	adsurl = {http://adsabs.harvard.edu/abs/2013ExA....36..319P},
	adsnote = {Provided by the SAO/NASA Astrophysics Data System}
}

@ARTICLE{Singh2017,
	author = {{Singh}, S. and {Subrahmanyan}, R. and {Udaya Shankar}, N. and 
	{Sathyanarayana Rao}, M. and {Girish}, B.~S. and {Raghunathan}, A. and 
	{Somashekar}, R. and {Srivani}, K.~S.},
	title = "{SARAS 2: A Spectral Radiometer for probing Cosmic Dawn and the Epoch of Reionization through detection of the global 21 cm signal}",
	journal = {ArXiv e-prints},
	archivePrefix = "arXiv",
	eprint = {1710.01101},
	primaryClass = "astro-ph.IM",
	keywords = {Astrophysics - Instrumentation and Methods for Astrophysics, Astrophysics - Cosmology and Nongalactic Astrophysics},
	year = 2017,
	month = oct,
	adsurl = {http://adsabs.harvard.edu/abs/2017arXiv171001101S},
	adsnote = {Provided by the SAO/NASA Astrophysics Data System}
}

@ARTICLE{Sokolowski2015,
	author = {{Sokolowski}, M. and {Tremblay}, S.~E. and {Wayth}, R.~B. and 
	{Tingay}, S.~J. and {Clarke}, N. and {Roberts}, P. and {Waterson}, M. and 
	{Ekers}, R.~D. and others},
	title = "{BIGHORNS - Broadband Instrument for Global HydrOgen ReioNisation Signal}",
	journal = {\pasa},
	archivePrefix = "arXiv",
	eprint = {1501.02922},
	primaryClass = "astro-ph.IM",
	keywords = {cosmology: observations, dark ages, reionisation, first stars, instrumentation: miscellaneous, methods: data analysis, methods: observational},
	year = 2015,
	month = feb,
	volume = 32,
	eid = {e004},
	pages = {e004},
	doi = {10.1017/pasa.2015.3},
	adsurl = {http://adsabs.harvard.edu/abs/2015PASA...32....4S},
	adsnote = {Provided by the SAO/NASA Astrophysics Data System}
}

@ARTICLE{Haslam1982,
	author         = "{Haslam}, C.~G.~T. and {Salter}, C.~J. and {Stoffel}, H. and {Wilson}, W.~E.",
	title          = "{A 408 MHz all-sky continuum survey. II - The atlas of contour maps}",
	journal        = "A\&A Supplement",
	keywords       = {Astronomical Maps, Radio Astronomy, Ultrahigh Frequencies, Galactic Structure, Radio Telescopes, Relief Maps},
	year           = "1982",
	month          = "Jan",
	volume         = "47",
	pages          = "1,2,4-51,53-142",
	adsurl         = "{http://adsabs.harvard.edu/abs/1982A%26AS...47....1H}",
	adsnote        = "{Provided by the SAO/NASA Astrophysics Data System}",
}

@ARTICLE{Liu2016,
	author         = "Liu, Adrian and Parsons, Aaron R.",
	title          = "{Constraining cosmology and ionization history with
	combined 21 cm power spectrum and global signal
	measurements}",
	journal        = "Mon. Not. Roy. Astron. Soc.",
	volume         = "457",
	year           = "2016",
	number         = "2",
	pages          = "1864-1877",
	doi            = "10.1093/mnras/stw071",
	eprint         = "1510.08815",
	archivePrefix  = "arXiv",
	primaryClass   = "astro-ph.CO",
	SLACcitation   = "%%CITATION = ARXIV:1510.08815;%%"
}

@ARTICLE{Kohn2016,
	author = {{Kohn}, S.~A. and {Aguirre}, J.~E. and {Nunhokee}, C.~D. and 
	{Bernardi}, G. and {Pober}, J.~C. and {Ali}, Z.~S. and {Bradley}, R.~F. and 
	{Carilli}, C.~L. and others},
	title = "{Constraining Polarized Foregrounds for EoR Experiments I: 2D Power Spectra from the PAPER-32 Imaging Array}",
	journal = {\apj},
	archivePrefix = "arXiv",
	eprint = {1602.02635},
	primaryClass = "astro-ph.IM",
	keywords = {cosmology: observations, dark ages, reionization, first stars, polarization, techniques: interferometric},
	year = 2016,
	month = jun,
	volume = 823,
	eid = {88},
	pages = {88},
	doi = {10.3847/0004-637X/823/2/88},
	adsurl = {http://adsabs.harvard.edu/abs/2016ApJ...823...88K},
	adsnote = {Provided by the SAO/NASA Astrophysics Data System}
}

@ARTICLE{Pober2016,
	author = {{Pober}, J.~C. and {Hazelton}, B.~J. and {Beardsley}, A.~P. and 
	{Barry}, N.~A. and {Martinot}, Z.~E. and {Sullivan}, I.~S. and 
	{Morales}, M.~F. and {Bell}, M.~E. and others},
	title = "{The Importance of Wide-field Foreground Removal for 21 cm Cosmology: A Demonstration with Early MWA Epoch of Reionization Observations}",
	journal = {\apj},
	archivePrefix = "arXiv",
	eprint = {1601.06177},
	primaryClass = "astro-ph.IM",
	keywords = {cosmology: observations, dark ages, reionization, first stars, techniques: interferometric},
	year = 2016,
	month = mar,
	volume = 819,
	eid = {8},
	pages = {8},
	doi = {10.3847/0004-637X/819/1/8},
	adsurl = {http://adsabs.harvard.edu/abs/2016ApJ...819....8P},
	adsnote = {Provided by the SAO/NASA Astrophysics Data System}
}

@ARTICLE{Datta2010,
	author = {{Datta}, A. and {Bowman}, J.~D. and {Carilli}, C.~L.},
	title = "{Bright Source Subtraction Requirements for Redshifted 21 cm Measurements}",
	journal = {\apj},
	archivePrefix = "arXiv",
	eprint = {1005.4071},
	keywords = {early universe, intergalactic medium, methods: data analysis, radio lines: general, techniques: interferometric},
	year = 2010,
	month = nov,
	volume = 724,
	pages = {526-538},
	doi = {10.1088/0004-637X/724/1/526},
	adsurl = {http://adsabs.harvard.edu/abs/2010ApJ...724..526D},
	adsnote = {Provided by the SAO/NASA Astrophysics Data System}
}

@ARTICLE{Vedantham2014,
	author = {{Vedantham}, H.~K. and {Koopmans}, L.~V.~E. and {de Bruyn}, A.~G. and 
	{Wijnholds}, S.~J. and {Ciardi}, B. and {Brentjens}, M.~A.},
	title = "{Chromatic effects in the 21 cm global signal from the cosmic dawn}",
	journal = {\mnras},
	archivePrefix = "arXiv",
	eprint = {1306.2172},
	primaryClass = "astro-ph.IM",
	keywords = {atmospheric effects, methods: data analysis, dark ages, reionization, first stars},
	year = 2014,
	month = jan,
	volume = 437,
	pages = {1056-1069},
	doi = {10.1093/mnras/stt1878},
	adsurl = {http://adsabs.harvard.edu/abs/2014MNRAS.437.1056V},
	adsnote = {Provided by the SAO/NASA Astrophysics Data System}
}

@ARTICLE{Davies1996,
	author = {{Davies}, R.~D. and {Watson}, R.~A. and {Gutierrez}, C.~M.},
	title = "{Galactic synchrotron emission at high frequencies}",
	journal = {\mnras},
	keywords = {METHODS: OBSERVATIONAL, COSMIC MICROWAVE BACKGROUND, LARGE-SCALE STRUCTURE OF UNIVERSE},
	year = 1996,
	month = feb,
	volume = 278,
	pages = {925-939},
	doi = {10.1093/mnras/278.4.925},
	adsurl = {http://adsabs.harvard.edu/abs/1996MNRAS.278..925D},
	adsnote = {Provided by the SAO/NASA Astrophysics Data System}
}

@ARTICLE{Bennett2003a,
	author = {{Bennett}, C.~L. and {Halpern}, M. and {Hinshaw}, G. and {Jarosik}, N. and 
	{Kogut}, A. and {Limon}, M. and {Meyer}, S.~S. and {Page}, L. and 
	others},
	title = "{First-Year Wilkinson Microwave Anisotropy Probe (WMAP) Observations: Preliminary Maps and Basic Results}",
	journal = {\apjs},
	eprint = {astro-ph/0302207},
	keywords = {Cosmology: Cosmic Microwave Background, Cosmology: Observations, Cosmology: Dark Matter, Cosmology: Early Universe, Instrumentation: Detectors, Space Vehicles: Instruments},
	year = 2003,
	month = sep,
	volume = 148,
	pages = {1-27},
	doi = {10.1086/377253},
	adsurl = {http://adsabs.harvard.edu/abs/2003ApJS..148....1B},
	adsnote = {Provided by the SAO/NASA Astrophysics Data System}
}

@ARTICLE{Bennett2003b,
	author = {{Bennett}, C.~L. and {Hill}, R.~S. and {Hinshaw}, G. and {Nolta}, M.~R. and 
	{Odegard}, N. and {Page}, L. and {Spergel}, D.~N. and {Weiland}, J.~L. and 
	others},
	title = "{First-Year Wilkinson Microwave Anisotropy Probe (WMAP) Observations: Foreground Emission}",
	journal = {\apjs},
	eprint = {astro-ph/0302208},
	keywords = {Cosmology: Cosmic Microwave Background, Cosmology: Observations, Cosmology: Diffuse Radiation, Galaxy: Halo, Galaxy: Structure, ISM: Structure},
	year = 2003,
	month = sep,
	volume = 148,
	pages = {97-117},
	doi = {10.1086/377252},
	adsurl = {http://adsabs.harvard.edu/abs/2003ApJS..148...97B},
	adsnote = {Provided by the SAO/NASA Astrophysics Data System}
}

@ARTICLE{deOliveiraCosta2008,
	author = {{de Oliveira-Costa}, A. and {Tegmark}, M. and {Gaensler}, B.~M. and 
	{Jonas}, J. and {Landecker}, T.~L. and {Reich}, P.},
	title = "{A model of diffuse Galactic radio emission from 10 MHz to 100 GHz}",
	journal = {\mnras},
	archivePrefix = "arXiv",
	eprint = {0802.1525},
	keywords = {methods: data analysis , astronomical data bases: miscellaneous , ISM: structure , diffuse radiation , radio continuum: ISM},
	year = 2008,
	month = jul,
	volume = 388,
	pages = {247-260},
	doi = {10.1111/j.1365-2966.2008.13376.x},
	adsurl = {http://adsabs.harvard.edu/abs/2008MNRAS.388..247D},
	adsnote = {Provided by the SAO/NASA Astrophysics Data System}
}

@ARTICLE{Zheng2017,
	author = {{Zheng}, H. and {Tegmark}, M. and {Dillon}, J.~S. and {Kim}, D.~A. and 
	{Liu}, A. and {Neben}, A.~R. and {Jonas}, J. and {Reich}, P. and 
	{Reich}, W.},
	title = "{An improved model of diffuse galactic radio emission from 10 MHz to 5 THz}",
	journal = {\mnras},
	archivePrefix = "arXiv",
	eprint = {1605.04920},
	keywords = {radiation mechanisms: general, methods: data analysis, techniques: interferometric, cosmic background radiation, radio continuum: general, radio lines: general},
	year = 2017,
	month = jan,
	volume = 464,
	pages = {3486-3497},
	doi = {10.1093/mnras/stw2525},
	adsurl = {http://adsabs.harvard.edu/abs/2017MNRAS.464.3486Z},
	adsnote = {Provided by the SAO/NASA Astrophysics Data System}
}

@ARTICLE{Dowell2017,
	author = {{Dowell}, J. and {Taylor}, G.~B. and {Schinzel}, F.~K. and {Kassim}, N.~E. and 
	{Stovall}, K.},
	title = "{The LWA1 Low Frequency Sky Survey}",
	journal = {\mnras},
	archivePrefix = "arXiv",
	eprint = {1705.05819},
	primaryClass = "astro-ph.IM",
	keywords = {techniques: interferometric, Galaxy: general, radio continuum: general},
	year = 2017,
	month = aug,
	volume = 469,
	pages = {4537-4550},
	doi = {10.1093/mnras/stx1136},
	adsurl = {http://adsabs.harvard.edu/abs/2017MNRAS.469.4537D},
	adsnote = {Provided by the SAO/NASA Astrophysics Data System}
}

@ARTICLE{Remazeilles2015,
	author = {{Remazeilles}, M. and {Dickinson}, C. and {Banday}, A.~J. and 
	{Bigot-Sazy}, M.-A. and {Ghosh}, T.},
	title = "{An improved source-subtracted and destriped 408-MHz all-sky map}",
	journal = {\mnras},
	archivePrefix = "arXiv",
	eprint = {1411.3628},
	primaryClass = "astro-ph.IM",
	keywords = {methods: data analysis, techniques: image processing, diffuse radiation, radio continuum: general},
	year = 2015,
	month = aug,
	volume = 451,
	pages = {4311-4327},
	doi = {10.1093/mnras/stv1274},
	adsurl = {http://adsabs.harvard.edu/abs/2015MNRAS.451.4311R},
	adsnote = {Provided by the SAO/NASA Astrophysics Data System}
}

@ARTICLE{Mesinger2016,
	author = {{Mesinger}, A. and {Greig}, B. and {Sobacchi}, E.},
	title = "{The Evolution Of 21 cm Structure (EOS): public, large-scale simulations of Cosmic Dawn and reionization}",
	journal = {\mnras},
	archivePrefix = "arXiv",
	eprint = {1602.07711},
	keywords = {galaxies: evolution, intergalactic medium, cosmology: theory, dark ages, reionization, first stars, diffuse radiation, early Universe},
	year = 2016,
	month = jul,
	volume = 459,
	pages = {2342-2353},
	doi = {10.1093/mnras/stw831},
	adsurl = {http://adsabs.harvard.edu/abs/2016MNRAS.459.2342M},
	adsnote = {Provided by the SAO/NASA Astrophysics Data System}
}

@ARTICLE{Chapman2015,
	author = {{Chapman}, E. and {Bonaldi}, A. and {Harker}, G. and {Jelic}, V. and 
	{Abdalla}, F.~B. and {Bernardi}, G. and {Bobin}, J. and {Dulwich}, F. and 
	{Mort}, B. and {Santos}, M. and {Starck}, J.~L.},
	title = "{Cosmic Dawn and Epoch of Reionization Foreground Removal with the SKA}",
	journal = {Advancing Astrophysics with the Square Kilometre Array (AASKA14)},
	archivePrefix = "arXiv",
	eprint = {1501.04429},
	primaryClass = "astro-ph.IM",
	year = 2015,
	month = apr,
	eid = {5},
	pages = {5},
	adsurl = {http://adsabs.harvard.edu/abs/2015aska.confE...5C},
	adsnote = {Provided by the SAO/NASA Astrophysics Data System}
}

@ARTICLE{McQuinn2006,
	author = {{McQuinn}, M. and {Zahn}, O. and {Zaldarriaga}, M. and {Hernquist}, L. and 
	{Furlanetto}, S.~R.},
	title = "{Cosmological Parameter Estimation Using 21 cm Radiation from the Epoch of Reionization}",
	journal = {\apj},
	eprint = {astro-ph/0512263},
	keywords = {Cosmology: Theory, Galaxies: Intergalactic Medium, Radio Lines: General},
	year = 2006,
	month = dec,
	volume = 653,
	pages = {815-834},
	doi = {10.1086/505167},
	adsurl = {http://adsabs.harvard.edu/abs/2006ApJ...653..815M},
	adsnote = {Provided by the SAO/NASA Astrophysics Data System}
}

@ARTICLE{Jelic2008,
	author = {{Jeli{\'c}}, V. and {Zaroubi}, S. and {Labropoulos}, P. and 
	{Thomas}, R.~M. and {Bernardi}, G. and {Brentjens}, M.~A. and 
	{de Bruyn}, A.~G. and {Ciardi}, B. and {Harker}, G. and {Koopmans}, L.~V.~E. and 
	{Pandey}, V.~N. and {Schaye}, J. and {Yatawatta}, S.},
	title = "{Foreground simulations for the LOFAR-epoch of reionization experiment}",
	journal = {\mnras},
	archivePrefix = "arXiv",
	eprint = {0804.1130},
	keywords = {instrumentation: interferometers , cosmology: observation , cosmology: theory , diffuse radiation , radio continuum: general , radio lines: general},
	year = 2008,
	month = sep,
	volume = 389,
	pages = {1319-1335},
	doi = {10.1111/j.1365-2966.2008.13634.x},
	adsurl = {http://adsabs.harvard.edu/abs/2008MNRAS.389.1319J},
	adsnote = {Provided by the SAO/NASA Astrophysics Data System}
}

@ARTICLE{Bowman2006,
	author = {{Bowman}, J.~D. and {Morales}, M.~F. and {Hewitt}, J.~N.},
	title = "{The Sensitivity of First-Generation Epoch of Reionization Observatories and Their Potential for Differentiating Theoretical Power Spectra}",
	journal = {\apj},
	eprint = {astro-ph/0507357},
	keywords = {Cosmology: Early Universe, Galaxies: Intergalactic Medium- Radio Lines: General, Techniques: Interferometric},
	year = 2006,
	month = feb,
	volume = 638,
	pages = {20-26},
	doi = {10.1086/498703},
	adsurl = {http://adsabs.harvard.edu/abs/2006ApJ...638...20B},
	adsnote = {Provided by the SAO/NASA Astrophysics Data System}
}

@ARTICLE{Liu2009,
	author = {{Liu}, A. and {Tegmark}, M. and {Bowman}, J. and {Hewitt}, J. and 
	{Zaldarriaga}, M.},
	title = "{An improved method for 21-cm foreground removal}",
	journal = {\mnras},
	archivePrefix = "arXiv",
	eprint = {0903.4890},
	primaryClass = "astro-ph.CO",
	keywords = {methods: data analysis , techniques: interferometric , early Universe , radio lines: general},
	year = 2009,
	month = sep,
	volume = 398,
	pages = {401-406},
	doi = {10.1111/j.1365-2966.2009.15156.x},
	adsurl = {http://adsabs.harvard.edu/abs/2009MNRAS.398..401L},
	adsnote = {Provided by the SAO/NASA Astrophysics Data System}
}

@ARTICLE{Petrovic2011,
	author = {{Petrovic}, N. and {Oh}, S.~P.},
	title = "{Systematic effects of foreground removal in 21-cm surveys of reionization}",
	journal = {\mnras},
	archivePrefix = "arXiv",
	eprint = {1010.4109},
	keywords = {methods: statistical, cosmology: theory, radio lines: general},
	year = 2011,
	month = may,
	volume = 413,
	pages = {2103-2120},
	doi = {10.1111/j.1365-2966.2011.18276.x},
	adsurl = {http://adsabs.harvard.edu/abs/2011MNRAS.413.2103P},
	adsnote = {Provided by the SAO/NASA Astrophysics Data System}
}

@ARTICLE{Bowman2018,
   author = {{Bowman}, J.~D. and {Rogers}, A.~E.~E. and {Monsalve}, R.~A. and {Mozdzen}, T.~J. and {Mahesh}, N.},
    title = "{An absorption profile centred at 78 megahertz in the sky-averaged spectrum}",
  journal = {\nat},
     year = 2018,
    month = mar,
   volume = 555,
    pages = {67-70},
      doi = {10.1038/nature25792},
   adsurl = {http://adsabs.harvard.edu/abs/2018Natur.555...67B},
  adsnote = {Provided by the SAO/NASA Astrophysics Data System}
}


@ARTICLE{Cohen2017,
   author = {{Cohen}, A. and {Fialkov}, A. and {Barkana}, R. and {Lotem}, M.},
    title = "{Charting the parameter space of the global 21-cm signal}",
  journal = {\mnras},
archivePrefix = "arXiv",
   eprint = {1609.02312},
 keywords = {galaxies: formation, galaxies: high-redshift, intergalactic medium, cosm-ology: theory, galaxies: high-redshift - intergalactic medium},
     year = 2017,
    month = dec,
   volume = 472,
    pages = {1915-1931},
      doi = {10.1093/mnras/stx2065},
   adsurl = {http://adsabs.harvard.edu/abs/2017MNRAS.472.1915C},
  adsnote = {Provided by the SAO/NASA Astrophysics Data System}
}


@ARTICLE{Barkana2018,
   author = {{Barkana}, R.},
    title = "{Possible interaction between baryons and dark-matter particles revealed by the first stars}",
  journal = {\nat},
archivePrefix = "arXiv",
   eprint = {1803.06698},
     year = 2018,
    month = mar,
   volume = 555,
    pages = {71-74},
      doi = {10.1038/nature25791},
   adsurl = {http://adsabs.harvard.edu/abs/2018Natur.555...71B},
  adsnote = {Provided by the SAO/NASA Astrophysics Data System}
}


@ARTICLE{Dowell2018,
   author = {{Dowell}, J. and {Taylor}, G.~B.},
    title = "{The Radio Background below 100 MHz}",
  journal = {\apjl},
archivePrefix = "arXiv",
   eprint = {1804.08581},
 keywords = {cosmic background radiation, cosmology: observations },
     year = 2018,
    month = may,
   volume = 858,
      eid = {L9},
    pages = {L9},
      doi = {10.3847/2041-8213/aabf86},
   adsurl = {http://adsabs.harvard.edu/abs/2018ApJ...858L...9D},
  adsnote = {Provided by the SAO/NASA Astrophysics Data System}
}

@ARTICLE{Pospelov2018,
   author = {{Pospelov}, M. and {Pradler}, J. and {Ruderman}, J.~T. and {Urbano}, A.},
    title = "{New Physics in the Rayleigh-Jeans Tail of the CMB}",
  journal = {ArXiv e-prints},
archivePrefix = "arXiv",
   eprint = {1803.07048},
 primaryClass = "hep-ph",
 keywords = {High Energy Physics - Phenomenology, Astrophysics - Cosmology and Nongalactic Astrophysics},
     year = 2018,
    month = mar,
   adsurl = {http://adsabs.harvard.edu/abs/2018arXiv180307048P},
  adsnote = {Provided by the SAO/NASA Astrophysics Data System}
}


@INPROCEEDINGS{Wislez96,
   author = {{Wislez}, J.-M.},
    title = "{Forward scattering of radio waves off meteor trails}",
booktitle = {Proceedings of the International Meteor Conference, 14th IMC, Brandenburg, Germany, 1995},
     year = 1996,
   editor = {{Roggemans}, P. and {Knofel}, A.},
    pages = {99-117},
   adsurl = {http://adsabs.harvard.edu/abs/1996pimo.conf...99W},
  adsnote = {Provided by the SAO/NASA Astrophysics Data System}
}


@INPROCEEDINGS{Newburgh16,
   author = {{Newburgh}, L.~B. and {Bandura}, K. and {Bucher}, M.~A. and 
   {Chang}, T.-C. and {Chiang}, H.~C. and {Cliche}, J.~F. and {Dav{\'e}}, R. and 
   {Dobbs}, M. and {Clarkson}, C. and {Ganga}, K.~M. and {Gogo}, T. and 
   {Gumba}, A. and {Gupta}, N. and {Hilton}, M. and {Johnstone}, B. and 
   {Karastergiou}, A. and {Kunz}, M. and {Lokhorst}, D. and {Maartens}, R. and 
   {Macpherson}, S. and {Mdlalose}, M. and {Moodley}, K. and {Ngwenya}, L. and 
   {Parra}, J.~M. and {Peterson}, J. and {Recnik}, O. and {Saliwanchik}, B. and 
   {Santos}, M.~G. and {Sievers}, J.~L. and {Smirnov}, O. and {Stronkhorst}, P. and 
   {Taylor}, R. and {Vanderlinde}, K. and {Van Vuuren}, G. and 
   {Weltman}, A. and {Witzemann}, A.},
    title = "{HIRAX: a probe of dark energy and radio transients}",
booktitle = {Ground-based and Airborne Telescopes VI},
     year = 2016,
   series = {\procspie},
   volume = 9906,
archivePrefix = "arXiv",
   eprint = {1607.02059},
 primaryClass = "astro-ph.IM",
    month = aug,
      eid = {99065X},
    pages = {99065X},
      doi = {10.1117/12.2234286},
   adsurl = {http://adsabs.harvard.edu/abs/2016SPIE.9906E..5XN},
  adsnote = {Provided by the SAO/NASA Astrophysics Data System}
}

@ARTICLE{Riess98,
   author = {{Riess}, A.~G. and {Filippenko}, A.~V. and {Challis}, P. and 
   {Clocchiatti}, A. and {Diercks}, A. and {Garnavich}, P.~M. and 
   {Gilliland}, R.~L. and {Hogan}, C.~J. and {Jha}, S. and {Kirshner}, R.~P. and 
   {Leibundgut}, B. and {Phillips}, M.~M. and {Reiss}, D. and {Schmidt}, B.~P. and 
   {Schommer}, R.~A. and {Smith}, R.~C. and {Spyromilio}, J. and 
   {Stubbs}, C. and {Suntzeff}, N.~B. and {Tonry}, J.},
    title = "{Observational Evidence from Supernovae for an Accelerating Universe and a Cosmological Constant}",
  journal = {\aj},
   eprint = {astro-ph/9805201},
 keywords = {COSMOLOGY: OBSERVATIONS, STARS: SUPERNOVAE: GENERAL},
     year = 1998,
    month = sep,
   volume = 116,
    pages = {1009-1038},
      doi = {10.1086/300499},
   adsurl = {http://adsabs.harvard.edu/abs/1998AJ....116.1009R},
  adsnote = {Provided by the SAO/NASA Astrophysics Data System}
}

@ARTICLE{Perlmutter99,
   author = {{Perlmutter}, S. and {Aldering}, G. and {Goldhaber}, G. and 
   {Knop}, R.~A. and {Nugent}, P. and {Castro}, P.~G. and {Deustua}, S. and 
   {Fabbro}, S. and {Goobar}, A. and {Groom}, D.~E. and {Hook}, I.~M. and 
   {Kim}, A.~G. and {Kim}, M.~Y. and {Lee}, J.~C. and {Nunes}, N.~J. and 
   {Pain}, R. and {Pennypacker}, C.~R. and {Quimby}, R. and {Lidman}, C. and 
   {Ellis}, R.~S. and {Irwin}, M. and {McMahon}, R.~G. and {Ruiz-Lapuente}, P. and 
   {Walton}, N. and {Schaefer}, B. and {Boyle}, B.~J. and {Filippenko}, A.~V. and 
   {Matheson}, T. and {Fruchter}, A.~S. and {Panagia}, N. and {Newberg}, H.~J.~M. and 
   {Couch}, W.~J. and {Project}, T.~S.~C.},
    title = "{Measurements of {$\Omega$} and {$\Lambda$} from 42 High-Redshift Supernovae}",
  journal = {\apj},
   eprint = {astro-ph/9812133},
 keywords = {COSMOLOGY: OBSERVATIONS, COSMOLOGY: DISTANCE SCALE, STARS: SUPERNOVAE: GENERAL, Cosmology: Observations, Cosmology: Distance Scale, Stars: Supernovae: General},
     year = 1999,
    month = jun,
   volume = 517,
    pages = {565-586},
      doi = {10.1086/307221},
   adsurl = {http://adsabs.harvard.edu/abs/1999ApJ...517..565P},
  adsnote = {Provided by the SAO/NASA Astrophysics Data System}
}

@ARTICLE{Planck2018Params,
   author = {{Planck Collaboration}},
    title = "{Planck 2018 results. VI. Cosmological parameters}",
  journal = {ArXiv e-prints},
archivePrefix = "arXiv",
   eprint = {1807.06209},
 primaryClass = "astro-ph.HE",
 keywords = {Astrophysics - High Energy Astrophysical Phenomena, Astrophysics - Cosmology and Extragalactic Astrophysics},
     year = 2018,
    month = jul,
   adsurl = {http://adsabs.harvard.edu/abs/2011arXiv1105.3240P},
  adsnote = {Provided by the SAO/NASA Astrophysics Data System}
}

@ARTICLE{Peebles03,
   author = {{Peebles}, P.~J. and {Ratra}, B.},
    title = "{The cosmological constant and dark energy}",
  journal = {Reviews of Modern Physics},
   eprint = {astro-ph/0207347},
 keywords = {Dark matter, Mathematical and relativistic aspects of cosmology, Surveys and tutorial papers, resource letters},
     year = 2003,
    month = apr,
   volume = 75,
    pages = {559-606},
      doi = {10.1103/RevModPhys.75.559},
   adsurl = {http://adsabs.harvard.edu/abs/2003RvMP...75..559P},
  adsnote = {Provided by the SAO/NASA Astrophysics Data System}
}

@ARTICLE{Steinhardt99,
   author = {{Steinhardt}, P.~J. and {Wang}, L. and {Zlatev}, I.},
    title = "{Cosmological tracking solutions}",
  journal = {\prd},
   eprint = {astro-ph/9812313},
 keywords = {Particle-theory and field-theory models of the early Universe, Superclusters, large-scale structure of the Universe, Background radiations},
     year = 1999,
    month = jun,
   volume = 59,
   number = 12,
      eid = {123504},
    pages = {123504},
      doi = {10.1103/PhysRevD.59.123504},
   adsurl = {http://adsabs.harvard.edu/abs/1999PhRvD..59l3504S},
  adsnote = {Provided by the SAO/NASA Astrophysics Data System}
}

@ARTICLE{Ratra88,
   author = {{Ratra}, B. and {Peebles}, P.~J.~E.},
    title = "{Cosmological consequences of a rolling homogeneous scalar field}",
  journal = {\prd},
 keywords = {Origin and formation of the Universe, Lagrangian and Hamiltonian approach},
     year = 1988,
    month = jun,
   volume = 37,
    pages = {3406-3427},
      doi = {10.1103/PhysRevD.37.3406},
   adsurl = {http://adsabs.harvard.edu/abs/1988PhRvD..37.3406R},
  adsnote = {Provided by the SAO/NASA Astrophysics Data System}
}

@ARTICLE{Eisenstein05,
   author = {{Eisenstein}, D.~J. and {Zehavi}, I. and {Hogg}, D.~W. and {Scoccimarro}, R. and 
   {Blanton}, M.~R. and {Nichol}, R.~C. and {Scranton}, R. and 
   {Seo}, H.-J. and {Tegmark}, M. and {Zheng}, Z. and {Anderson}, S.~F. and 
   {Annis}, J. and {Bahcall}, N. and {Brinkmann}, J. and {Burles}, S. and 
   {Castander}, F.~J. and {Connolly}, A. and {Csabai}, I. and {Doi}, M. and 
   {Fukugita}, M. and {Frieman}, J.~A. and {Glazebrook}, K. and 
   {Gunn}, J.~E. and {Hendry}, J.~S. and {Hennessy}, G. and {Ivezi{\'c}}, Z. and 
   {Kent}, S. and {Knapp}, G.~R. and {Lin}, H. and {Loh}, Y.-S. and 
   {Lupton}, R.~H. and {Margon}, B. and {McKay}, T.~A. and {Meiksin}, A. and 
   {Munn}, J.~A. and {Pope}, A. and {Richmond}, M.~W. and {Schlegel}, D. and 
   {Schneider}, D.~P. and {Shimasaku}, K. and {Stoughton}, C. and 
   {Strauss}, M.~A. and {SubbaRao}, M. and {Szalay}, A.~S. and 
   {Szapudi}, I. and {Tucker}, D.~L. and {Yanny}, B. and {York}, D.~G.
   },
    title = "{Detection of the Baryon Acoustic Peak in the Large-Scale Correlation Function of SDSS Luminous Red Galaxies}",
  journal = {\apj},
   eprint = {astro-ph/0501171},
 keywords = {Cosmology: Cosmic Microwave Background, Cosmology: Cosmological Parameters, Cosmology: Observations, Cosmology: Distance Scale, Galaxies: Elliptical and Lenticular, cD, Cosmology: Large-Scale Structure of Universe},
     year = 2005,
    month = nov,
   volume = 633,
    pages = {560-574},
      doi = {10.1086/466512},
   adsurl = {http://adsabs.harvard.edu/abs/2005ApJ...633..560E},
  adsnote = {Provided by the SAO/NASA Astrophysics Data System}
}

@ARTICLE{Chang10,
   author = {{Chang}, T.-C. and {Pen}, U.-L. and {Bandura}, K. and {Peterson}, J.~B.
   },
    title = "{An intensity map of hydrogen 21-cm emission at redshift z\~{}0.8}",
  journal = {\nat},
     year = 2010,
    month = jul,
   volume = 466,
    pages = {463-465},
      doi = {10.1038/nature09187},
   adsurl = {http://adsabs.harvard.edu/abs/2010Natur.466..463C},
  adsnote = {Provided by the SAO/NASA Astrophysics Data System}
}

@ARTICLE{Lorimer07,
   author = {{Lorimer}, D.~R. and {Bailes}, M. and {McLaughlin}, M.~A. and 
   {Narkevic}, D.~J. and {Crawford}, F.},
    title = "{A Bright Millisecond Radio Burst of Extragalactic Origin}",
  journal = {Science},
archivePrefix = "arXiv",
   eprint = {0709.4301},
     year = 2007,
    month = nov,
   volume = 318,
    pages = {777},
      doi = {10.1126/science.1147532},
   adsurl = {http://adsabs.harvard.edu/abs/2007Sci...318..777L},
  adsnote = {Provided by the SAO/NASA Astrophysics Data System}
}

@ARTICLE{Bandura16,
   author = {{Bandura}, K. and {Cliche}, J.~F. and {Dobbs}, M.~A. and {Gilbert}, A.~J. and 
   {Ittah}, D. and {Mena Parra}, J. and {Smecher}, G.},
    title = "{ICE-Based Custom Full-Mesh Network for the CHIME High Bandwidth Radio Astronomy Correlator}",
  journal = {Journal of Astronomical Instrumentation },
archivePrefix = "arXiv",
   eprint = {1608.04347},
 primaryClass = "astro-ph.IM",
 keywords = {Radio astronomy, high speed correlators, field programmable gate arrays, networking},
     year = 2016,
    month = dec,
   volume = 5,
      eid = {1641004},
    pages = {1641004},
      doi = {10.1142/S225117171641004X},
   adsurl = {http://adsabs.harvard.edu/abs/2016JAI.....541004B},
  adsnote = {Provided by the SAO/NASA Astrophysics Data System}
}

@ARTICLE{Recnik15,
   author = {{Recnik}, A. and {Bandura}, K. and {Denman}, N. and {Hincks}, A.~D. and 
   {Hinshaw}, G. and {Klages}, P. and {Pen}, U.-L. and {Vanderlinde}, K.
   },
    title = "{An Efficient Real-time Data Pipeline for the CHIME Pathfinder Radio Telescope X-Engine}",
  journal = {ArXiv e-prints},
archivePrefix = "arXiv",
   eprint = {1503.06189},
 primaryClass = "astro-ph.IM",
 keywords = {Astrophysics - Instrumentation and Methods for Astrophysics},
     year = 2015,
    month = mar,
   adsurl = {http://adsabs.harvard.edu/abs/2015arXiv150306189R},
  adsnote = {Provided by the SAO/NASA Astrophysics Data System}
}

@ARTICLE{CHIME_ATEL,
   author = {{CHIME/FRB Collaboration}},
    title = "{First detection of fast radio bursts between 400 and 800 MHz by CHIME/FRB}",
  journal = {Astronomer's Telegram 11901},
 primaryClass = "astro-ph.IM",
 keywords = {Astrophysics},
     year = 2018,
    month = Aug,
   adsurl = {http://adsabs.harvard.edu/abs/2015arXiv150306189R},
  adsnote = {Provided by the SAO/NASA Astrophysics Data System}
}

@ARTICLE{PRIZM,
   author = {{Philip}, L. and {Abdurashidova}, Z. and {Chiang}, H.~C. and 
   {Ghazi}, N. and {Gumba}, A. and {Heilgendorff}, H.~M. and {Hickish}, J. and 
   {J{\'a}uregui-Garc{\'{\i}}a}, J.~M. and {Malepe}, K. and {Nunhokee}, C.~D. and 
   {Peterson}, J. and {Sievers}, J.~L. and {Simes}, V. and {Spann}, R.
   },
    title = "{Probing Radio Intensity at high-Z from Marion: 2017 Instrument}",
  journal = {ArXiv e-prints},
archivePrefix = "arXiv",
   eprint = {1806.09531},
 primaryClass = "astro-ph.IM",
 keywords = {Astrophysics - Instrumentation and Methods for Astrophysics},
     year = 2018,
    month = jun,
   adsurl = {http://adsabs.harvard.edu/abs/2018arXiv180609531P},
  adsnote = {Provided by the SAO/NASA Astrophysics Data System}
}

@ARTICLE{Masui15,
   author = {{Masui}, K. and {Lin}, H.-H. and {Sievers}, J. and {Anderson}, C.~J. and 
   {Chang}, T.-C. and {Chen}, X. and {Ganguly}, A. and {Jarvis}, M. and 
   {Kuo}, C.-Y. and {Li}, Y.-C. and {Liao}, Y.-W. and {McLaughlin}, M. and 
   {Pen}, U.-L. and {Peterson}, J.~B. and {Roman}, A. and {Timbie}, P.~T. and 
   {Voytek}, T. and {Yadav}, J.~K.},
    title = "{Dense magnetized plasma associated with a fast radio burst}",
  journal = {\nat},
archivePrefix = "arXiv",
   eprint = {1512.00529},
 primaryClass = "astro-ph.HE",
     year = 2015,
    month = dec,
   volume = 528,
    pages = {523-525},
      doi = {10.1038/nature15769},
   adsurl = {http://adsabs.harvard.edu/abs/2015Natur.528..523M},
  adsnote = {Provided by the SAO/NASA Astrophysics Data System}
}
@ARTICLE{McQuinn2014,
   author = {{McQuinn}, M.},
    title = "{Locating the ``Missing'' Baryons with Extragalactic Dispersion Measure Estimates}",
  journal = {\apjl},
archivePrefix = "arXiv",
   eprint = {1309.4451},
 keywords = {cosmology: theory, intergalactic medium, large-scale structure of universe, radio continuum: general},
     year = 2014,
    month = jan,
   volume = 780,
      eid = {L33},
    pages = {L33},
      doi = {10.1088/2041-8205/780/2/L33},
   adsurl = {http://adsabs.harvard.edu/abs/2014ApJ...780L..33M},
  adsnote = {Provided by the SAO/NASA Astrophysics Data System}
}
@ARTICLE{Madhavacheril18,
   author = {{Madhavacheril}, M.~S. and {Battaglia}, N. and {Smith}, K.~M. and 
   {Sievers}, J.~L.},
    title = "{Cosmology with kSZ: breaking the optical depth degeneracy with Fast Radio Bursts}",
  journal = {arXiv e-prints},
archivePrefix = "arXiv",
   eprint = {1901.02418},
 keywords = {Astrophysics - Cosmology and Nongalactic Astrophysics},
     year = 2019,
    month = jan,
   adsurl = {http://adsabs.harvard.edu/abs/2019arXiv190102418M},
  adsnote = {Provided by the SAO/NASA Astrophysics Data System}
}
@ARTICLE{Hobson06,
   author = {{Hobson}, M.~P. and {Efstathiou}, G.~P. and {Lasenby}, A.~N.},
    title = "{General Relativity: An Introduction for Physicists}",
  journal = {Cambridge University Press},
 keywords = {cosmology: theory, intergalactic medium, large-scale structure of universe, radio continuum: general},
     year = 2006,
    month = dec,
}

@ARTICLE{Park94,
   author = {{Park}, C. and {Vogeley}, M.~S. and {Geller}, M.~J. and {Huchra}, J.~P.
   },
    title = "{Power spectrum, correlation function, and tests for luminosity bias in the CfA redshift survey}",
  journal = {\apj},
 keywords = {Dark Matter, Data Correlation, Galactic Clusters, Luminosity, Power Spectra, Red Shift, Computerized Simulation, Cosmology, Galactic Evolution, Many Body Problem, Normal Density Functions},
     year = 1994,
    month = aug,
   volume = 431,
    pages = {569-585},
      doi = {10.1086/174508},
   adsurl = {http://adsabs.harvard.edu/abs/1994ApJ...431..569P},
  adsnote = {Provided by the SAO/NASA Astrophysics Data System}
}

@ARTICLE{Freedman2017,
   author = {{Freedman}, W.~L.},
    title = "{Cosmology at a crossroads}",
  journal = {Nature Astronomy},
     year = 2017,
    month = may,
   volume = 1,
      eid = {0121},
    pages = {0121},
      doi = {10.1038/s41550-017-0121},
   adsurl = {http://adsabs.harvard.edu/abs/2017NatAs...1E.121F},
  adsnote = {Provided by the SAO/NASA Astrophysics Data System}
}
@ARTICLE{Louis2017,
   author = {{Louis}, T. and others},
    title = "{The Atacama Cosmology Telescope: two-season ACTPol spectra and parameters}",
  journal = {\jcap},
archivePrefix = "arXiv",
   eprint = {1610.02360},
     year = 2017,
    month = jun,
   volume = 6,
      eid = {031},
    pages = {031},
      doi = {10.1088/1475-7516/2017/06/031},
   adsurl = {http://adsabs.harvard.edu/abs/2017JCAP...06..031L},
  adsnote = {Provided by the SAO/NASA Astrophysics Data System}
}

@ARTICLE{Henning2018,
   author = {{Henning}, J.~W. and others},
    title = "{Measurements of the Temperature and E-mode Polarization of the CMB from 500 Square Degrees of SPTpol Data}",
  journal = {\apj},
archivePrefix = "arXiv",
   eprint = {1707.09353},
 keywords = {cosmic background radiation, cosmological parameters, cosmology: observations, polarization},
     year = 2018,
    month = jan,
   volume = 852,
      eid = {97},
    pages = {97},
      doi = {10.3847/1538-4357/aa9ff4},
   adsurl = {http://adsabs.harvard.edu/abs/2018ApJ...852...97H},
  adsnote = {Provided by the SAO/NASA Astrophysics Data System}
}

@ARTICLE{Zhao2016,
   author = {{Zhao}, G.-B. and others},
    title = "{The extended Baryon Oscillation Spectroscopic Survey: a cosmological forecast}",
  journal = {\mnras},
archivePrefix = "arXiv",
   eprint = {1510.08216},
 keywords = {dark energy, large-scale structure of Universe},
     year = 2016,
    month = apr,
   volume = 457,
    pages = {2377-2390},
      doi = {10.1093/mnras/stw135},
   adsurl = {http://adsabs.harvard.edu/abs/2016MNRAS.457.2377Z},
  adsnote = {Provided by the SAO/NASA Astrophysics Data System}
}


@ARTICLE{chime_frbs,
   author = {{CHIME/FRB Collaboration}},
    title = "{Observations of Fast Radio Bursts at Frequencies down to 400 Megahertz}",
  journal = {arXiv e-prints},
archivePrefix = "arXiv",
   eprint = {1901.04524},
 primaryClass = "astro-ph.HE",
 keywords = {Astrophysics - High Energy Astrophysical Phenomena},
     year = 2019,
    month = jan,
   adsurl = {http://adsabs.harvard.edu/abs/2019arXiv190104524C},
  adsnote = {Provided by the SAO/NASA Astrophysics Data System}
}

@ARTICLE{bonetti2017,
   author = {{Bonetti}, L. and {Ellis}, J. and {Mavromatos}, N.~E. and {Sakharov}, A.~S. and 
   {Sarkisyan-Grinbaum}, E.~K. and {Spallicci}, A.~D.~A.~M.},
    title = "{FRB 121102 casts new light on the photon mass}",
  journal = {Physics Letters B},
archivePrefix = "arXiv",
   eprint = {1701.03097},
 primaryClass = "astro-ph.HE",
     year = 2017,
    month = may,
   volume = 768,
    pages = {326-329},
      doi = {10.1016/j.physletb.2017.03.014},
   adsurl = {http://adsabs.harvard.edu/abs/2017PhLB..768..326B},
  adsnote = {Provided by the SAO/NASA Astrophysics Data System}
}


@ARTICLE{frb_equivalence,
   author = {{Wei}, J.-J. and {Gao}, H. and {Wu}, X.-F. and {M{\'e}sz{\'a}ros}, P.
   },
    title = "{Testing Einstein's Equivalence Principle With Fast Radio Bursts}",
  journal = {Physical Review Letters},
archivePrefix = "arXiv",
   eprint = {1512.07670},
 primaryClass = "astro-ph.HE",
 keywords = {Experimental tests of gravitational theories, Relativity and gravitation, Radio sources, gamma-ray sources, gamma-ray bursts},
     year = 2015,
    month = dec,
   volume = 115,
   number = 26,
      eid = {261101},
    pages = {261101},
      doi = {10.1103/PhysRevLett.115.261101},
   adsurl = {http://adsabs.harvard.edu/abs/2015PhRvL.115z1101W},
  adsnote = {Provided by the SAO/NASA Astrophysics Data System}
}

@ARTICLE{Connor2016,
   author = {{Connor}, L. and {Sievers}, J. and {Pen}, U.-L.},
    title = "{Non-cosmological FRBs from young supernova remnant pulsars}",
  journal = {\mnras},
archivePrefix = "arXiv",
   eprint = {1505.05535},
 primaryClass = "astro-ph.HE",
 keywords = {pulsars: general, supernovae: general},
     year = 2016,
    month = may,
   volume = 458,
    pages = {L19-L23},
      doi = {10.1093/mnrasl/slv124},
   adsurl = {http://adsabs.harvard.edu/abs/2016MNRAS.458L..19C},
  adsnote = {Provided by the SAO/NASA Astrophysics Data System}
}

@ARTICLE{Santos2017,
       author = {{Santos}, Mario G. and {Cluver}, Michelle and {Hilton}, Matt and
         {Jarvis}, Matt and {Jozsa}, Gyula I.~G. and {Leeuw}, Lerothodi and
         {Smirnov}, Oleg and {Taylor}, Russ and {Abdalla}, Filipe and
         {Afonso}, Jose and {Alonso}, David and {Bacon}, David and
         {Bassett}, Bruce A. and {Bernardi}, Gianni and {Bull}, Philip and
         {Camera}, Stefano and {Chiang}, H. Cynthia and {Colafrancesco}, Sergio and
         {Ferreira}, Pedro G. and {Fonseca}, Jose and {van der Heyden}, Kurt and
         {Heywood}, Ian and {Knowles}, Kenda and {Lochner}, Michelle and
         {Ma}, Yin-Zhe and {Maartens}, Roy and {Makhathini}, Sphesihle and
         {Moodley}, Kavilan and {Pourtsidou}, Alkistis and {Prescott}, Matthew and
         {Sievers}, Jonathan and {Spekkens}, Kristine and {Vaccari}, Mattia and
         {Weltman}, Amanda and {Whittam}, Imogen and {Witzemann}, Amadeus and
         {Wolz}, Laura and {Zwart}, Jonathan T.~L.},
        title = "{MeerKLASS: MeerKAT Large Area Synoptic Survey}",
      journal = {arXiv e-prints},
     keywords = {Astrophysics - Cosmology and Nongalactic Astrophysics, Astrophysics - Astrophysics of Galaxies},
         year = "2017",
        month = "Sep",
          eid = {arXiv:1709.06099},
        pages = {arXiv:1709.06099},
archivePrefix = {arXiv},
       eprint = {1709.06099},
 primaryClass = {astro-ph.CO},
       adsurl = {https://ui.adsabs.harvard.edu/abs/2017arXiv170906099S},
      adsnote = {Provided by the SAO/NASA Astrophysics Data System}
}

@ARTICLE{Xu2015,
       author = {{Xu}, Yidong and {Wang}, Xin and {Chen}, Xuelei},
        title = "{Forecasts on the Dark Energy and Primordial Non-Gaussianity Observations with the Tianlai Cylinder Array}",
      journal = {\apj},
     keywords = {cosmological parameters, large-scale structure of universe, Astrophysics - Cosmology and Nongalactic Astrophysics},
         year = "2015",
        month = "Jan",
       volume = {798},
       number = {1},
          eid = {40},
        pages = {40},
          doi = {10.1088/0004-637X/798/1/40},
archivePrefix = {arXiv},
       eprint = {1410.7794},
 primaryClass = {astro-ph.CO},
       adsurl = {https://ui.adsabs.harvard.edu/abs/2015ApJ...798...40X},
      adsnote = {Provided by the SAO/NASA Astrophysics Data System}
}

@ARTICLE{Battye2013,
       author = {{Battye}, R.~A. and {Browne}, I.~W.~A. and {Dickinson}, C. and
         {Heron}, G. and {Maffei}, B. and {Pourtsidou}, A.},
        title = "{H I intensity mapping: a single dish approach}",
      journal = {\mnras},
     keywords = {cosmology: observations, cosmology: theory, Astrophysics - Cosmology and Extragalactic Astrophysics},
         year = "2013",
        month = "Sep",
       volume = {434},
       number = {2},
        pages = {1239-1256},
          doi = {10.1093/mnras/stt1082},
archivePrefix = {arXiv},
       eprint = {1209.0343},
 primaryClass = {astro-ph.CO},
       adsurl = {https://ui.adsabs.harvard.edu/abs/2013MNRAS.434.1239B},
      adsnote = {Provided by the SAO/NASA Astrophysics Data System}
}

@ARTICLE{Walters2019,
       author = {{Walters}, Anthony and {Ma}, Yin-Zhe and {Sievers}, Jonathan and
         {Weltman}, Amanda},
        title = "{Probing Diffuse Gas with Fast Radio Bursts}",
      journal = {arXiv e-prints},
     keywords = {Astrophysics - Cosmology and Nongalactic Astrophysics},
         year = "2019",
        month = "Sep",
          eid = {arXiv:1909.02821},
        pages = {arXiv:1909.02821},
archivePrefix = {arXiv},
       eprint = {1909.02821},
 primaryClass = {astro-ph.CO},
       adsurl = {https://ui.adsabs.harvard.edu/abs/2019arXiv190902821W},
      adsnote = {Provided by the SAO/NASA Astrophysics Data System}
}

@ARTICLE{Ravi2019,
       author = {{Ravi}, V. and {Catha}, M. and {D'Addario}, L. and {Djorgovski}, S.~G. and
         {Hallinan}, G. and {Hobbs}, R. and {Kocz}, J. and {Kulkarni}, S.~R. and
         {Shi}, J. and {Vedantham}, H.~K. and {Weinreb}, S. and {Woody}, D.~P.},
        title = "{A fast radio burst localized to a massive galaxy}",
      journal = {\nat},
         year = "2019",
        month = "Jul",
       volume = {572},
       number = {7769},
        pages = {352-354},
          doi = {10.1038/s41586-019-1389-7},
       adsurl = {https://ui.adsabs.harvard.edu/abs/2019Natur.572..352R},
      adsnote = {Provided by the SAO/NASA Astrophysics Data System}
}

@ARTICLE{Bannister2019,
       author = {{Bannister}, K.~W. and {Deller}, A.~T. and {Phillips}, C. and
         {Macquart}, J. -P. and {Prochaska}, J.~X. and {Tejos}, N. and
         {Ryder}, S.~D. and {Sadler}, E.~M. and {Shannon}, R.~M. and
         {Simha}, S. and {Day}, C.~K. and {McQuinn}, M. and
         {North-Hickey}, F.~O. and {Bhandari}, S. and {Arcus}, W.~R. and
         {Bennert}, V.~N. and {Burchett}, J. and {Bouwhuis}, M. and
         {Dodson}, R. and {Ekers}, R.~D. and {Farah}, W. and {Flynn}, C. and
         {James}, C.~W. and {Kerr}, M. and {Lenc}, E. and {Mahony}, E.~K. and
         {O{\textquoteright}Meara}, J. and {Os{\l}owski}, S. and {Qiu}, H. and
         {Treu}, T. and {U}, V. and {Bateman}, T.~J. and {Bock}, D.~C. -J. and
         {Bolton}, R.~J. and {Brown}, A. and {Bunton}, J.~D. and
         {Chippendale}, A.~P. and {Cooray}, F.~R. and {Cornwell}, T. and
         {Gupta}, N. and {Hayman}, D.~B. and {Kesteven}, M. and
         {Koribalski}, B.~S. and {MacLeod}, A. and {McClure-Griffiths}, N.~M. and
         {Neuhold}, S. and {Norris}, R.~P. and {Pilawa}, M.~A. and
         {Qiao}, R. -Y. and {Reynolds}, J. and {Roxby}, D.~N. and
         {Shimwell}, T.~W. and {Voronkov}, M.~A. and {Wilson}, C.~D.},
        title = "{A single fast radio burst localized to a massive galaxy at cosmological distance}",
      journal = {Science},
     keywords = {ASTRONOMY, Astrophysics - High Energy Astrophysical Phenomena, Astrophysics - Cosmology and Nongalactic Astrophysics},
         year = "2019",
        month = "Aug",
       volume = {365},
       number = {6453},
        pages = {565-570},
          doi = {10.1126/science.aaw5903},
archivePrefix = {arXiv},
       eprint = {1906.11476},
 primaryClass = {astro-ph.HE},
       adsurl = {https://ui.adsabs.harvard.edu/abs/2019Sci...365..565B},
      adsnote = {Provided by the SAO/NASA Astrophysics Data System}
}


@ARTICLE{Connor2018,
       author = {{Connor}, Liam and {van Leeuwen}, Joeri},
        title = "{Applying Deep Learning to Fast Radio Burst Classification}",
      journal = {\aj},
     keywords = {methods: data analysis, pulsars: general, techniques: image processing, Astrophysics - Instrumentation and Methods for Astrophysics, Astrophysics - High Energy Astrophysical Phenomena},
         year = "2018",
        month = "Dec",
       volume = {156},
       number = {6},
          eid = {256},
        pages = {256},
          doi = {10.3847/1538-3881/aae649},
archivePrefix = {arXiv},
       eprint = {1803.03084},
 primaryClass = {astro-ph.IM},
       adsurl = {https://ui.adsabs.harvard.edu/abs/2018AJ....156..256C},
      adsnote = {Provided by the SAO/NASA Astrophysics Data System}
}

